@Book{AbiteboulEtAl1995,
	Author = {S. Abiteboul and R. Hull and V. Vianu},
	Title = {Foundations of Databases},
	Publisher = {Addison-Wesley},
	Year = {1995}
}

@Article{AlchourronEtAl1985,
	Author = {C. Alchourr{\'{o}}n and P. G{\"a}rdenfors and D. Makinson},
	Title = {On the logic of theory change: Partial meet contraction and revision functions},
	Journal = {Journal of Symbolic Logic},
	Volume = {50},
	Pages = {510-530},
	Year = {1985}
}

@Book{AndersonBelnap1975,
	Author = {A.R. Anderson and N.D. Belnap},
	Title = {Entailment: the logic of relevance and necessity},
	Publisher = {Princeton University Press},
	Volume = {1},
	Year = {1975}
}

@Book{AndersonEtAl1992,
	Author = {A.R. Anderson and N.D. Belnap and J.M. Dunn},
	Title = {Entailment: the logic of relevance and necessity},
	Publisher = {Princeton University Press},
	Volume = {2},
	Year = {1992}
}

@Article{ArieliAvron2000,
	Author = {O. Arieli and A. Avron},
	Title = {General patterns for nonmonotonic reasoning: {F}rom basic entailments to plausible relations},
	Journal = {Logic Journal of the IGPL},
	Volume = {8},
	Pages = {119-148},
	Year = {2000}
}

@Article{Artemov2008,
	Author = {S. Artemov},
	Title = {The logic of justification},
	Journal = {The Review of Symbolic Logic},
	Volume = {1},
	Number = {4},
	Pages = {477-513},
	Year = {2008}
}

@Article{AsherBonevac1996,
	Author = {N. Asher and D. Bonevac},
	Title = {Prima Facie Obligation},
	Journal = {Studia Logica},
	Volume = {57},
	Number = {1},
	Pages = {19-45},
	Year = {1996}
}

@InProceedings{AskounisEtAl2012,
	Author = {D. Askounis and C.D. Koutras and Y. Zikos},
	Title = {Knowledge Means `All', Belief Means `Most'},
	Editor = {L. {Fari\~{n}as del Cerro} and A. Herzig and J. Mengin},
	Booktitle = {JELIA 2012},
	Pages = {41-53},
	Publisher = {Springer},
	Series = {LNCS},
	Number = {7519}
}

@Article{Avron1992,
	Author = {A. Avron}, 
	Title = {Whither relevance logic?},
	Journal = {Journal of Philosophical Logic},
	Volume = {21},
	Number = {3},	
	Pages = {243-281},
	Year = {1992}
}

@InProceedings{Baader2003,
	Author = {F. Baader},
	Title = {Terminological cycles in a description logic with existential restrictions},
	Editor = {V. Sorge and S. Colton and M. Fisher and J. Gow},	
	Booktitle = {IJCAI 2003},
	Pages = {325-330},
	Publisher = {Morgan Kaufmann Publishers}
}

@InProceedings{BaaderEtAl2005,
	Author = {F. Baader and S. Brandt and C. Lutz},
	Title = {Pushing the $\mathcal{EL}$ Envelope},
	Editor = {L. Kaelbling and A. Saffiotti},
	Booktitle = {IJCAI 2005},
	Pages = {364-369},
	Publisher = {Morgan Kaufmann Publishers}
}

@Book{BaaderEtAl2007,
	Booktitle = {The Description Logic Handbook: Theory, Implementation and Applications},
	Editor = {F. Baader and D. Calvanese and D. McGuinness and D. Nardi and P. Patel-Schneider},
	Publisher = {Cambridge University Press},
	Title = {The Description Logic Handbook: Theory, Implementation and Applications},
	Edition = {2},
	Year = {2007}
}

@Book{BaaderEtAl2017,
	Author = {F. Baader and I. Horrocks and C. Lutz and U. Sattler},
	Title = {An Introduction to Description Logic},
	Publisher = {Cambridge University Press},
	Year = {2017}
}

@InProceedings{BaaderHollunder1993,
	Author = {F. Baader and B. Hollunder},
	Title = {How to Prefer More Specific Defaults in Terminological Default Logic},
	Editor = {R. Bajcsy},
	Booktitle = {IJCAI 1993},
	Pages = {669-675},
	Publisher = {Morgan Kaufmann Publishers}
}

@Article{BaaderHollunder1995,
	Author = {F. Baader and B. Hollunder},
	Title = {Embedding Defaults into Terminological Knowledge Representation Formalisms},
	Journal = {Journal of Automated Reasoning},
	Volume = {14},
	Number = {1},
	Pages = {149-180},
	Year = {1995}
}

@InCollection{BaaderEtAl2007Chapter,
	Author = {F. Baader and R. K\"{u}sters and F. Wolter},
	Title = {Extensions to Description Logics},
	Pages = {237-282},
	Chapter = {6},
	Crossref = {BaaderEtAl2007}
}

@InProceedings{BaltagSmets2006,
	Author = {A. Baltag and S. Smets},
	Title = {Dynamic belief revision over multi-agent plausibility models},
	Editor = {W. {van der Hoek} and M. Wooldridge},
	BookTitle = {LOFT 2006},
	Pages = {11-24},
	Publisher = {University of Liverpool}
}

@InProceedings{BaltagSmets2008,
	Author = {A. Baltag and S. Smets},
	Title = {A Qualitative Theory of Dynamic Interactive Belief Revision},
	Editor = {G. Bonanno and W. {van der Hoek} and M. Wooldridge},
	BookTitle = {LOFT 2008},
	Pages = {13-60},
	Publisher = {Amsterdam University Press},
	Series = {Texts in Logic and Games},
	Number = {3}
}

@Book{BarwiseEtAl1977,
	Booktitle = {Handbook of Mathematical Logic},
	Editor = {J. Barwise and H.J. Keisler and A. Mostowski and A. Robinson and P. Suppes and A.S. Troelstra},
	Publisher = {North-Holland},
	Volume = {90},
	Series = {Studies in Logic and the Foundations of Mathematics},
	Title = {Handbook of Mathematical Logic},
	Year = {1997}
}

@Book{Barker-PlummerEtAl2011,
	Author = {D. Barker-Plummer and J. Barwise and J. Etchemendy},
	Title = {Language, Proof and Logic},
	Publisher = {University of Chicago Press},
	Edition = {2},
	Year = {2011}
}

@Book{Batens,
	Author = {D. Batens},
	Title = {Adaptive Logics and Dynamic Proofs},
	Publisher = {Forthcoming},
	Year = { }
}

@InCollection{BaumannEtAl2012,
	Author = {R. Baumann and G. Brewka and W. Dvor\'{a}k and S. Woltran},
	Title = {Parameterized Splitting: A Simple Modification-Based Approach},
	Editor = {E. Erdem and J. Lee and Y. Lierler and D. Pearce},
	BookTitle = {Correct Reasoning --- Essays on Logic-Based AI in Honour of Vladimir Lifschitz},
	Pages = {57-71},
	Publisher = {Springer},
	Series = {LNCS},
	Year = {2012}
}

@Book{Ben-Ari2012,
	Author = {M. Ben-Ari},
	Title = {Mathematical Logic for Computer Science},
	Publisher = {Springer-Verlag},
	Edition = {3},
	Year = {2012}
}

@Article{BenferhatEtAl1999,
	Author = {S. Benferhat and D. Dubois and H. Prade},
	Title = {Possibilistic and standard probabilistic semantics of conditional knowledge bases},
	Journal = {Journal of Logic and Computation},
	Volume = {9},
	Number = {6},
	Pages = {873-895},
	Year = {1999}
}

@Book{vanBenthem2010,
	Author = {{J. van} Benthem},
	Title = {Modal Logic for Open Minds},
	Publisher = {Center for the Study of Language and Information},
	Year = {2010}
}

@Article{Berners-LeeEtAl2001,
	Author = {T. {Berners-Lee} and J. Hendler and O. Lassila},
	Title = {The Semantic Web},
	Journal = {Scientific American},
	Pages = {29-37},
	Month = {May},
	Year = {2001}
}

@Book{BesnardHunter2008,
	Author = {P. Besnard and A. Hunter},
	Title = {Elements of Argumentation},
	Publisher = {University of Michigan Press},
	Year = {2008}
}

@InProceedings{BisquertEtAl2012,
	Author = {P. Bisquert and C. Cayrol and F. {Dupin de Saint-Cyr} and M.-C. {Lagasquie-Schiex}},
	Title = {Duality between Addition and Removal: A Tool for Studying Change in Argumentation},
	Editor = {S. Greco and B. Bouchon-Meunier and G. Coletti and M. Fedrizzi and B. Matarazzo and R.R. Yager },
	BookTitle = {Advances on Computational Intelligence --- 14th International Conference on Information Processing and Management of Uncertainty in Knowledge-Based Systems},
	Pages = {219-229},
	Publisher = {Springer},
	Year = {2012}
}

@Book{BlackburnEtAl2001,
	Author = {P. Blackburn and M. {de Rijke} and Y. Venema},
	Title = {Modal Logic},
	Series = {Cambridge Tracts in Theoretical Computer Science},
	Publisher = {Cambridge University Press},
	Year = {2001}
}

@Book{BlackburnEtAl2006,
	Author = {P. Blackburn and {J. van} Benthem and F. Wolter},
	Title = {Handbook of Modal Logic},
	Publisher = {Elsevier North-Holland},
	Year = {2006}
}

@Article{BlochHunter2001,
	Author = {I. Bloch and A. Hunter},
	Title = {Fusion: General concepts and characteristics},
	Journal = {International Journal of Intelligent Systems},
	Volume = {16},
	Number = {10},
	Pages = {1107-1134},
	Year = {2001}
}

@Article{BonattiEtAl2009,
	Author = {P. Bonatti and C. Lutz and F. Wolter},
	Title = {The Complexity of Circumscription in Description Logic},
	Journal = {Journal of Artificial Intelligence Research},
	Volume = {35},
	Pages = {717-773},
	Year = {2009}
}

@Article{BonattiEtAl2011,
	Author = {P. Bonatti and M. Faella and L. Sauro},
	Title = {Defeasible Inclusions in Low-Complexity {DL}s},
	Journal = {Journal of Artificial Intelligence Research},
	Volume = {42},
	Pages = {719-764},
	Year = {2011}
}

@Article{BonattiEtAl2015,
	Author = {P. Bonatti and M. Faella and I.M. Petrova and L. Sauro},
	Title = {A new semantics for overriding in description logics},
	Journal = {Artificial Intelligence},
	Volume = {222},
	Pages = {1-48},
	Year = {2015}
}

@Article{BonattiSauro2017,
	Author = {P. Bonatti and L. Sauro},
	Title = {On the logical properties of the nonmonotonic description logic {DL}$^{N}$},
	Journal = {Artificial Intelligence},
	Volume = {248},
	Pages = {85-111},
	Year = {2017}
}

@InProceedings{BoothEtAl2009,
	Author = {R. Booth and T. Meyer and I. Varzinczak},
	Title = {Next Steps in Propositional {H}orn Contraction},
	Editor = {C. Boutilier},
	Booktitle = {Proceedings of the 21st International Joint Conference on Artificial Intelligence (IJCAI)},
	Pages = {702-707},
	Publisher = {AAAI Press},
	Year = {2009}
}

@InProceedings{BoothEtAl2010,
	Author = {R. Booth and T. Meyer and I. Varzinczak and R. Wassermann},
	Title = {A Contraction Core for {H}orn Belief Change: Preliminary Report},
	Booktitle = {Proceedings of the 13th International Workshop on Nonmonotonic Reasoning (NMR)},
	Year = {2010}
}

@InProceedings{BoothEtAl2010-ECAI,
	Author = {R. Booth and T. Meyer and I. Varzinczak and R. Wassermann},
	Title = {{H}orn Belief Change: A Contraction Core},
	Booktitle = {ECAI 2010},
	Pages = {1065-1066},
	year = {2010}
}

@Article{BoothEtAl2011,
	Author = {R. Booth and T. Meyer and I. Varzinczak and R. Wassermann},
	Title = {On the Link between Partial Meet, Kernel, and Infra Contraction and its Application to Horn Logic},
	Journal = {Journal of Artificial Intelligence Research (JAIR)},
	Volume = {42},
	Pages = {31-53},
	Year = {2011}
}

@InProceedings{BoothEtAl2012,
	Author = {R. Booth and T. Meyer and I. Varzinczak},
	Title = {{PTL}: A Propositional Typicality Logic},
	Booktitle = {Proceedings of the 13th European Conference on Logics in Artificial Intelligence (JELIA)},
	Pages = {107-119},
	Publisher = {Springer},
	Series = {LNCS},
	Number = {7519},
	Year = {2012}
}

@InCollection{BoothEtAl2013,
	Author = {R. Booth and T. Meyer and I. Varzinczak},
	Title = {A Propositional Typicality Logic for Extending Rational Consequence},
	Editor = {E.L. Ferm\'{e} and D.M. Gabbay and G.R. Simari},
	BookTitle = {Trends in Belief Revision and Argumentation Dynamics},
	Pages = {123-154},
	Publisher = {King's College Publications},
	Volume = {48},
	Series = {Studies in Logic -- Logic and Cognitive Systems},
	Year = {2013}
}

@InProceedings{BoothEtAl2015-Commonsense,
	Author = {R. Booth and G. Casini and T. Meyer and I. Varzinczak},
	Title = {What Does Entailment for {PTL} Mean?},
	Editor = {},
	Booktitle = {Proceedings of the 12th International Symposium on Logical Formalizations of Commonsense Reasoning},
	Pages = {},
	Year = {2015}
}

@InProceedings{BoothEtAl2015,
	Author = {R. Booth and G. Casini and T. Meyer and I. Varzinczak},
	Title = {On the Entailment Problem for a Logic of Typicality},
	Booktitle = {IJCAI 2015},
	Pages = {2805-2811},
	year = {2015}
}

@article{BoothParis1998,
	Author = {R. Booth and J.B. Paris},
	Title = {A Note on the Rational Closure of Knowledge Bases with Both Positive and Negative Knowledge},
	Journal = {Journal of Logic, Language and Information},
	Volume = {7},
	Number = {2},
	Pages = {165-190},
	Year = {1998}
}

@Article{Boutilier1994,
	Author = {C. Boutilier},
	Title = {Conditional logics of normality: A modal approach},
	Journal = {Artificial Intelligence},
	Volume = {68},
	Number = {1},
	Pages = {87-154},
	Year = {1994}
}

@Book{BrachmanLevesque2004,
	Author = {R. Brachman and H. Levesque},
	Title = {Knowledge Representation and Reasoning},
	Publisher = {Morgan Kaufmann},
	Year = {2004}
}

@InProceedings{Brewka1987,
	Author = {G. Brewka},
	Title = {The logic of inheritance in frame systems},
	Editor = {},
	Booktitle = {Proceedings of the 10th International Joint Conference on Artificial Intelligence (IJCAI)},
	Pages = {483-488},
	Publisher = {Morgan Kaufmann Publishers},
	Year = {1987}
}

@Book{BrewkaEtAl2011,
	Booktitle = {Nonmonotonic Reasoning: Essays Celebrating its 30th Anniversary},
	Editor = {G. Brewka and V.W. Marek and M. Truszczynski},
	Publisher = {King's College Publications},
	Title = {Nonmonotonic Reasoning: Essays Celebrating its 30th Anniversary},
	Year = {2011}
}

@Article{Brink1993,
	Author = {C. Brink},
	Title = {Power structures},
	Journal = {Algebra Universalis},
	Volume = {30},
	Pages = {177-216},
	Year = {1993}
}

@TechReport{BritzEtAl2007,
	Author = {K. Britz and J. Heidema and W. Labuschagne},
	Title = {Entailment, duality, and the forms of reasoning},
	Institution = {Department of Computer Science, University of Otago},
	Year = {2007},
	Number = {OUCS-2007-01}
}

@InProceedings{BritzEtAl2008,
	Author = {K. Britz and J. Heidema and T. Meyer},
	Title = {Semantic Preferential Subsumption},
	Editor = {J. Lang and G. Brewka},
	Booktitle = {Proceedings of the 11th International Conference on Principles of Knowledge Representation and Reasoning (KR)},
	Pages = {476-484},
	Publisher = {AAAI Press/MIT Press},
	Year = {2008}
}

@InProceedings{BritzEtAl2009,
	Author = {K. Britz and J. Heidema and T. Meyer},
	Title = {Modelling Object Typicality in Description Logics},
	Editor = {A. Nicholson and X. Li},
	Booktitle = {Proceedings of the 22nd Australasian Joint Conference on Artificial Intelligence},
	Pages = {506-516},
	Publisher = {Springer},
	Series = {LNAI},
	Number = {5866},
	Year = {2009}
}

@Article{BritzEtAl2009b,
	Author = {K. Britz and J. Heidema and W. Labuschagne},
	Title = {Semantics for Dual Preferential Entailment},
	Journal = {Journal of Philosophical Logic},
	Volume = {38},
	Pages = {433-446},
	Year = {2009}
}

@InProceedings{BritzEtAl2010,
	Author = {K. Britz and J. Heidema and I. Varzinczak},
	Title = {Pertinent Reasoning},
	Booktitle = {Proceedings of the 13th International Workshop on Nonmonotonic Reasoning (NMR)},
	Year = {2010}
}

@InProceedings{BritzEtAl2010-AiML,
	Author = {K. Britz and J. Heidema and I. Varzinczak},
	Title = {Pertinence Construed Modally},
	Booktitle = {Advances in Modal Logic (AiML)},
	Year = {2010}
}

@InProceedings{BritzEtAl2011a,
	Author = {K. Britz and T. Meyer and I. Varzinczak},
	Title = {Concept Model Semantics for {DL} Preferential Reasoning},
	Booktitle = {Proceedings of the 24th International Workshop on Description Logics},
	Pages = { },
	Year = {2011}
}

@Article{BritzEtAl2011b,
	Author = {K. Britz and T. Meyer and I. Varzinczak},
	Title = {Preferential Reasoning for Modal Logics},
	Journal = {Electronic Notes in Theoretical Computer Science},
	Volume = {278},
	Pages = {55-69},
	year = {2011}
}

@InProceedings{BritzEtAl2011c,
	Author = {K. Britz and T. Meyer and I. Varzinczak},
	Title = {Semantic Foundation for Preferential Description Logics},
	Editor = {D. Wang and M. Reynolds},
	Booktitle = {AI 2011},
	Pages = {491-500},
	Publisher = {Springer},
	Series = {LNAI},
	Number = {7106},
	year = {2011}
}

@Article{BritzEtAl2011d,
	Author = {K. Britz and J. Heidema and I. Varzinczak},
	Title = {Constrained Consequence},
	Journal = {Logica Universalis},
	Volume = {5},
	Number = {2},
	Pages = {327-350},
	Year = {2011}
}

@InProceedings{BritzEtAl2012,
	Author = {K. Britz and T. Meyer and I. Varzinczak},
	Title = {Normal Modal Preferential Consequence},
	Editor = {M. Thielscher and D. Zhang},
	Booktitle = {AI 2012},
	Pages = {505-516},
	Publisher = {Springer},
	Series = {LNAI},
	Number = {7691},
	Year = {2012}
}

@TechReport{BritzEtAl2013a,
	Author = {K. Britz and G. Casini and T. Meyer and K. Moodley and I. Varzinczak},
	Title = {Ordered Interpretations and Entailment for Defeasible Description Logics},
	Year = {2013},
	Url = {http://tinyurl.com/cydd6yy},
	Institution = {CAIR, CSIR Meraka and UKZN, South Africa}
}

@InProceedings{BritzEtAl2013b,
	Author = {K. Britz and G. Casini and T. Meyer and I. Varzinczak},
	Title = {Preferential Role Restrictions},
	Booktitle = {Proceedings of the 26th International Workshop on Description Logics},
	Pages = {93-106},
	Year = {2013}
}

@InProceedings{BritzVarzinczak2012,
	Author = {K. Britz and I. Varzinczak},
	Title = {Defeasible Modes of Inference: A Preferential Perspective},
	Booktitle = {Proceedings of the 14th International Workshop on Nonmonotonic Reasoning (NMR)},
	Year = {2012}
}

@InProceedings{BritzVarzinczak2013,
	Author = {K. Britz and I. Varzinczak},
	Title = {Defeasible Modalities},
	Booktitle = {Proceedings of the 14th Conference on Theoretical Aspects of Rationality and Knowledge (TARK)},
	Pages = {49-60},
	Year = {2013}
}

@InProceedings{BritzVarzinczak2014,
	Author = {K. Britz and I. Varzinczak},
	Title = {Towards a Logic of Dilation},
	Booktitle = {Proceedings of the International Workshop on Logics for Reasoning about Preferences, Uncertainty and Vagueness (PRUV)},
	Pages = {},
	Year = {2014}
}

@InProceedings{BritzVarzinczak2016a,
	Author = {K. Britz and I. Varzinczak},
	Title = {Preferential Modalities Revisited},
	Booktitle = {Proceedings of the 16th International Workshop on Nonmonotonic Reasoning (NMR)},
	Year = {2016}
}

@InProceedings{BritzVarzinczak2016b,
	Author = {K. Britz and I. Varzinczak},
	Title = {Introducing Role Defeasibility in Description Logics},
	Editor = {L. Michael and A.C. Kakas},
	Booktitle = {JELIA 2016},
	Pages = {174-189},
	Publisher = {Springer},
	Series = {LNCS},
	year = {2016},
	Number = {10021}
}

@InProceedings{BritzVarzinczak2017-DL,
	Author = {K. Britz and I. Varzinczak},
	Title = {Toward Defeasible $\mathcal{SROIQ}$},
	Booktitle = {Proceedings of the 30th International Workshop on Description Logics},
	Pages = {},
	Year = {2017}
}

@InProceedings{BritzVarzinczak2017-Commonsense,
	Author = {K. Britz and I. Varzinczak},
	Title = {Context-based defeasible subsumption for $d\mathcal{SROIQ}$},
	Booktitle = {Proceedings of the 13th International Symposium on Logical Formalizations of Commonsense Reasoning},
	Pages = {},
	Year = {2017}
}

@Article{BritzVarzinczak2017-JANCL,
	Author = {K. Britz and I. Varzinczak},
	Title = {From {KLM}-style conditionals to defeasible modalities, and back},
	Journal = {Journal of Applied Non-Classical Logics (JANCL)},
	Volume = {},
	Number = {},
	Pages = {},
	Year = {2017}
}

@Article{BritzVarzinczak2018-JoLLI,
	Author = {K. Britz and I. Varzinczak},
	Title = {Preferential accessibility and preferred worlds},
	Journal = {Journal of Logic, Language and Information (JoLLI)},
	Volume = {27},
	Number = {2},
	Pages = {133-155},
	Year = {2018}
}

@InProceedings{BritzVarzinczak2018-FoIKS,
	Author = {K. Britz and I. Varzinczak},
	Title = {Rationality and context in defeasible subsumption},
	Editor = {S. Woltran and F. Ferrarotti},
	Booktitle = {FoIKS 2018},
	Pages = {},
	Publisher = {Springer},
	Series = {LNCS},
	Number = {},
	year = {2018}
}

@InProceedings{CadoliEtAl1990,
	Author = {M. Cadoli and F. Donini and M. Schaerf},
	Title = {Closed world reasoning in hybrid systems},
	Editor = {Z.W. Ras and M. Zemankova and M.L. Emrich},
	Booktitle = {Proceedings of the 5th International Symposium on Methodologies for Intelligent Systems (ISMIS'90)},
	Pages = {474-481},
	Publisher = {Elsevier},
	Year = {1990}
}

@InCollection{CalvaneseDeGiacomo2007,
	Author = {D. Calvanese and {G. De} Giacomo},
	Title = {Expressive Description Logics},
	Pages = {193-236},
	Chapter = {5},
	Crossref = {BaaderEtAl2007}
}

@InProceedings{CalvaneseEtAl2007,
	Author = {D. Calvanese and {G. De} Giacomo and D. Lembo and M. Lenzerini and A. Poggi and R. Rosati},
	Title = {Ontology-based database access},
	Editor = { },
	BookTitle = {Proceedings of SEBD},
	Pages = {324-331},
	Publisher = { },
	Series = { },
	Number = { },
	Year = {2007}
}

@InCollection{CarnielliEtAl2007,
	Author = {W. Carnielli and M.E. Coniglio and J. Marcos},
	Title = {Logics of Formal Inconsistency},
	Editor = {D.M. Gabbay and F. Guenthner},
	BookTitle = {Handbook of Philosophical Logic},
	Pages = {1-93},
	Publisher = {Springer Netherlands},
	Volume = {14},
	Year = {2007}
}

@inproceedings{Casini-etal:2012,
	author    = {Giovanni Casini and
	      Thomas Meyer and
	      Kodylan Moodley and
	      Riku Nortje},
	title     = {Relevant Closure: {A} New Form of Defeasible Reasoning for Description
	      Logics},
	year = {2014},
	booktitle = {JELIA 2014},
	pages     = {92-106}
}

@InProceedings{CasiniEtAl2013a,
	Author = {G. Casini and T. Meyer and K. Moodley and I. Varzinczak},
	Title = {Towards Practical Defeasible Reasoning for Description Logics},
	Booktitle = {Proceedings of the 26th International Workshop on Description Logics},
	Pages = {587-599},
	Year = {2013}
}

@InProceedings{CasiniEtAl2013b,
	Author = {G. Casini and T. Meyer and K. Moodley and I. Varzinczak},
	Title = {Nonmonotonic reasoning in Description Logics: Rational Closure for the {ABox}},
	Booktitle = {Proceedings of the 26th International Workshop on Description Logics},
	Pages = {600-615},
	Year = {2013}
}

@InProceedings{CasiniEtAl2015,
	Author = {G. Casini and T. Meyer and K. Moodley and U. Sattler and I. Varzinczak},
	Title = {Introducing Defeasibility into {OWL} Ontologies},
	Editor = {M. Arenas and O. Corcho and E. Simperl and M. Strohmaier and M. d'Aquin and K. Srinivas and P.T. Groth and M. Dumontier and J. Heflin and K. Thirunarayan and S. Staab},
	BookTitle = {Proceedings of the 14th International Semantic Web Conference (ISWC)},
	Pages = {409-426},
	Publisher = {Springer},
	Series = {LNCS},
	Number = {9367},
	Year = {2015}
}

@InProceedings{CasiniStraccia2010,
	Author = {G. Casini and U. Straccia},
	Title = {Rational Closure for Defeasible Description Logics},
	Editor = {T. Janhunen and I. Niemel{\"a}},
	Booktitle = {Proceedings of the 12th European Conference on Logics in Artificial Intelligence (JELIA)},
	Pages = {77-90},
	Publisher = {Springer-Verlag},
	Series = {LNCS},
	Number = {6341},
	Year = {2010}
}

@Article{CasiniStraccia2013,
	Author = {G. Casini and U. Straccia},
	Title = {Defeasible Inheritance-Based Description Logics},
	Journal = {JAIR},
	Volume = {48},
	Pages = {415-473},
	Year = {2013}
}

@inproceedings{CasiniMeyer:2017,
	author    = {Giovanni Casini and
	      Thomas Meyer},
	year = {2017},
	title     = {Belief Change in a Preferential Non-monotonic Framework},
	booktitle = {IJCAI 2017},
	pages     = {929--935}
}

@Article{CastilhoEtAl1999,
	Author = {M.A. Castilho and O. Gasquet and A. Herzig},
	Title = {Formalizing Action and Change in Modal Logic~{I}: the frame problem},
	Journal = {Journal of Logic and Computation},
	Volume = {9},
	Number = {5},
	Pages = {701-735},
	Year = {1999}
}

@InProceedings{CastilhoEtAl2002,
	Author = {M.A. Castilho and A. Herzig and I. Varzinczak},
	Title = {It depends on the context! {A} decidable logic of actions and plans based on a ternary dependence relation},
	Booktitle = {Proceedings of the 9th International Workshop on Nonmonotonic Reasoning (NMR)},
	Year = {2002}
}

@InProceedings{CayrolEtAl2008,
	Author = {C. Cayrol and F. {Dupin de Saint-Cyr} and M.-C. {Lagasquie-Schiex}},
	Title = {Revision of an Argumentation System},
	Editor = {J. Lang and G. Brewka},	
	Booktitle = {Proceedings of the 11th International Conference on Principles of Knowledge Representation and Reasoning (KR)},
	Pages = {124-134},
	Publisher = {AAAI Press/MIT Press},
	Year = {2008}
}

@Book{Chellas1980,
	Author = {B. Chellas},
	Title = {Modal logic: An introduction},
	Publisher = {Cambridge University Press},
	Year = {1980}
}

@TechReport{CimattiEtAl2001,
	Author = {A. Cimatti and M. Pistore and M. Roveri and P. Traverso},
	Title = {Weak, strong, and strong cyclic planning via symbolic model checking},
	Institution = {Istituto Trentino di Cultura},
	Number = {0104-11},
	Month = {April},
	Year = {2001}
}

@InCollection{Clark1978,
	Author = {K. Clark},
	Title = {Negation as Failure},
	Editor = {H. Gallaire and J. Minker},
	Booktitle = {Logics and Databases},
	Pages = {293-322},
	Publisher = {Plenum Press},
	Year = {1978}
}

@InProceedings{CroccoLamarre1992,
	Author = {G. Crocco and P. Lamarre},
	Title = {On the connections between nonmonotonic inference systems and conditional logics},
	Editor = {R. Nebel and C. Rich and W. Swartout},
	Booktitle = {Proceedings of the 3rd International Conference on Principles of Knowledge Representation and Reasoning (KR)},
	Pages = {565-571},
	Publisher = {Morgan Kaufmann Publishers},
	Year = {1992}
}

@InProceedings{CuencaGrauEtAl2006,
	Author = {B. {Cuenca Grau} and B. Parsia and E. Sirin and A. Kalyanpur},
	Title = {Modularity and Web Ontologies},
	Editor = {P. Doherty and J. Mylopoulos and C. Welty},
	BookTitle = {Proceedings of the 10th International Conference on Principles of Knowledge Representation and Reasoning (KR)},
	Pages = {198-208},
	Publisher = {Morgan Kaufmann},
	Year = {2006}
}

@Book{DAgostinoEtAl1999,
	Booktitle = {Handbook of Tableau Methods},
	Editor = {M. D'Agostino and D.M. Gabbay and R. H\"{a}hnle and J. Posegga},
	Publisher = {Kluwer Academic Publishers},
	Title = {Handbook of Tableau Methods},
	Year = {1999}
}

@InProceedings{Dalal1988,
	Author = {M. Dalal},
	Title = {Investigations into a theory of knowledge base revision: preliminary report},
	Editor = {R. Smith and T. Mitchell},
	Booktitle = {Proceedings of the 7th National Conference on Artificial Intelligence (AAAI)},
	Pages = {475-479},
	Publisher =  {Morgan Kaufmann Publishers},
	Year = {1988}
}

@Article{DarwicheMarquis2002,
	Author = {A. Darwiche and P. Marquis},
	Title = {A Knowledge Compilation Map},
	Journal = {Journal of Artificial Intelligence Research (JAIR)},
	Volume = {17},
	Pages = {229-264},
	Year = {2002}
}

@Article{DavisEtAl1993,
	Author = {R. Davis and H. Shrobe and P. Szolovits},
	Title = {What is a Knowledge Representation?},
	Journal = {AI Magazine},
	Volume = {14},
	Number = {1},
	Pages = {17-33},
	Year = {1993}
}

@InProceedings{DeGiacomoLenzerini1995,
	Author = {G. {De Giacomo} and M. Lenzerini},
	Title = {{PDL}-based framework for reasoning about actions},
	Editor = {M. Gori and G. Soda},
	Booktitle = {Proceedings of the 4th Congress of the Italian Association for Artificial Intelligence ({IA*AI})},
	Pages = {103-114},
	Publisher = {Springer-Verlag},
	Series = {LNAI},
	Number = {992},
	Year = {1995}
}

@Article{Delgrande1987,
	Author = {J. Delgrande},
	Title = {A first-order logic for prototypical properties},
	Journal = {Artificial Intelligence},
	Volume = {33},
	Pages = {105-130},
	Year = {1987}
}

@Article{Delgrande1988,
	Author = {J. Delgrande},
	Title = {An approach to default reasoning based on a first-order conditional logic: Revised report},
	Journal = {Artificial Intelligence},
	Volume = {36},
	Pages = {63-90},
	Year = {1988}
}

@InProceedings{Delgrande2008,
	Author = {J. Delgrande},
	Title = {Horn Clause Belief Change: Contraction Functions},
	Editor = {J. Lang and G. Brewka},
	Booktitle = {Proceedings of the 11th International Conference on Principles of Knowledge Representation and Reasoning (KR)},
	Pages = {156-165},
	Publisher = {AAAI Press/MIT Press},
	Year = {2008}
}

@Article{DemolombeEtAl2003,
	Author = {R. Demolombe and A. Herzig and I. Varzinczak},
	Title = {Regression in modal logic},
	Journal = {Journal of Applied Non-Classical Logics},
	Volume = {13},
	Number = {2},
	Pages = {165-185},
	Year = {2003}
}

@Article{Denning1970,
	Author = {P.J. Denning},
	Title = {Virtual Memory},
	Journal = {ACM Computing Surveys},
	Volume = {2},
	Number = {3},
	Pages = {153-189},
	Year = {1970}
}

@Book{vanDitmarschEtAl2007,
	Author = {{H. van} Ditmarsch and {W. van der} Hoek and B.P. Kooi},
	Title = {Dynamic Epistemic Logic},
	Publisher = {Springer},
	Year = {2007}
}

@Article{vanDitmarschEtAl2009,
	Author = {{H. van} Ditmarsch and A. Herzig and J. Lang and P. Marquis},
	Title = {Introspective forgetting},
	Journal = {Synthese},
	Volume = {169},
	Number = {2},
	Pages = {405-423},
	Year = {2009}
}

@Article{vanDitmarschEtAl2012,
	Author = {{H. van} Ditmarsch and {W. van der} Hoek and B.P. Kooi},
	Title = {Local properties in modal logic},
	Journal = {Artificial Intelligence},
	Volume = {187},
	Pages = {133-155},
	Year = {2012}
}

@InProceedings{DohertyEtAl2001,
	Author = {D. Doherty and W. {\L}ukaszewicz and A. Sza{\l}as},
	Title = {Computing Strongest Necessary and Weakest Sufficient Conditions of First-Order Formulas},
	Editor = {B. Nebel},
	Booktitle = {Proceedings of the 17th International Joint Conference on Artificial Intelligence (IJCAI)},
	Pages = {145-154},
	Publisher = {Morgan Kaufmann Publishers},
	Year = {2001}
}

@Article{DoniniMassacci2000,
	Author = {F.M. Donini and F. Massacci},
	Title = {\textsc{exptime} tableaux for $\mathcal{ALC}$},
	Journal = {Artificial Intelligence},
	Volume = {124},
	Pages = {87-138},
	Year = {2000}
}

@Article{DoniniEtAl2002,
	Author = {F.M. Donini and D. Nardi and R. Rosati},
	Title = {Description Logics of Minimal Knowledge and Negation as Failure},
	Journal = {ACM Transactions on Computational Logic},
	Volume = {3},
	Number = {2},
	Pages = {177-225},
	Year = {2002}
}

@Article{Doyle1979,
	Author = {J. Doyle},
	Title = {A Truth Maintenance System},
	Journal = {Artificial Intelligence},
	Volume  = {12},
	Number = {3},
	Pages = {231-272},
	Year = {1979}
}

@InCollection{DuboisEtAl1994,
	Author = {D. Dubois and J. Lang and H. Prade},
	Title = {Possibilistic logic},
	Editor = {D.M. Gabbay and C.J. Hogger and J.A. Robinson},
	Booktitle = {Handbook of Logic in Artificial Intelligence and Logic Programming},
	Pages = {439-513},
	Publisher = {Oxford University Press},
	Volume = {3},
	Year = {1994}
}

@Article{DuboisEtAl1997,
	Author = {D. Dubois and H. Prade and F. Esteva and P. Garcia and L. Godo},
	Title = {A logical approach to interpolation based on similarity relations},
	Journal = {International Journal of Approximate Reasoning},
	Volume = {17},
	Number = {1},
	Pages = {1-36},
	Year = {1997}
}

@InCollection{DuboisPrade1998,
	Author = {D. Dubois and H. Prade},
	Title = {Similarity versus preference in fuzzy set-based logics},
	Editor = {E. Orlowska},
	Booktitle = {Modelling Incomplete Information: Rough Set Analysis},
	Pages = {441-461},
	Publisher = {Physica-Verlag},
	Year = {1998}
}

@Article{Dung1995,
	Author = {P.M. Dung},
	Title = {On the acceptability of arguments and its fundamental role in nonmonotonic reasoning, logic programming, and nÐperson games},
	Journal = {Artificial Intelligence},
	Volume = {77},
	Number = {2},
	Pages = {321-357},
	Year = {1995}
}

@InCollection{DunnRestall2002,
	Author = {J.M. Dunn and G. Restall},
	Title = {Relevance Logic},
	Editor = {D.M. Gabbay and F. G{\"u}nthner},
	Booktitle = {Handbook of Philosophical Logic},
	Pages = {1-128},
	Publisher = {Kluwer Academic Publishers},
	Volume = {6},
	Year = {2002}
}

@Article{Duntsch1997,
	Author = {I. D{\"u}ntsch},
	Title = {A logic for rough sets},
	Journal = {Theoretical Computer Science},
	Volume = {179},
	Pages = {427-436},
	Year = {1997}
}

@InProceedings{EiterEtAl2005,
	Author = {T. Eiter and E. Erdem and M. Fink and J. Senko},
	Title = {Updating action domain descriptions},
	Editor = {L. Kaelbling and A. Saffiotti},
	Booktitle = {Proceedings of the 19th International Joint Conference on Artificial Intelligence (IJCAI)},
	Pages = {418-423},
	Publisher = {Morgan Kaufmann Publishers},
	Year = {2005}
}

@Article{EiterEtAl2010,
	Author = {T. Eiter and E. Erdem and M. Fink and J. Senko},
	Title = {Updating action domain descriptions},
	Journal = {Artificial Intelligence},
	Volume = {174},
	Number = {15},
	Pages = {1172-1221},
	Year = {2010}
}

@Book{FaginEtAl1995,
	Author = {R. Fagin and J. Halpern and Y. Moses and M. Vardi},
	Title = {Reasoning about Knowledge},
	Publisher = {MIT Press},
	Year = {1995}
}

@Article{FerreinLakemeyer2008,
	Author = {A. Ferrein and G. Lakemeyer},
	Title = {Logic-based robot control in highly dynamic domains},
	Journal = {Robotics and Autonomous Systems},
	Volume = {56},
	Pages = {980-991},
	Year = {2008}
}

@Article{FermeHansson2011,
	Author = {E. Ferm\'{e} and S.O. Hansson},
	Title = {{AGM} 25 Years},
	Journal = {Journal of Philosophical Logic},
	Volume = {40},
	Number = {2},
	Pages = {295-331},
	Year = {2011}
}

@PhDThesis{Finger1987,
	Author = {J. Finger},
	Title = {Exploiting constraints in design synthesis},
	School = {Stanford University},
	Year = {1987}
}

@Book{FlachKakas2000,
	Editor = {P. Flach and A. Kakas},
	Title = {Abduction and induction: Essays on their relation and integration},
	Publisher = {Kluwer Academic Press},
	Year = {2000}
}

@InProceedings{FlourisEtAl2004,
	Author = {G. Flouris and D. Plexousakis and G. Antoniou},
	Title = {Generalizing the {AGM} postulates},
	Booktitle = {Proceedings of the 10th International Workshop on Nonmonotonic Reasoning (NMR)},
	Year = {2004}
}

@InProceedings{FranconiEtAl2010,
	Author = {E. Franconi and T. Meyer and I. Varzinczak},
	Title = {Semantic Diff as the Basis for Knowledge Base Versioning},
	Booktitle = {Proceedings of the 13th International Workshop on Nonmonotonic Reasoning (NMR)},
	Year = {2010}
}

@InProceedings{FrenchEtAl2011,
	Author = {T. French and {W. van der} Hoek and P. Iliev and B. Kooi},
	Title = {Succinctness of Epistemic Languages},
	Editor = {T. Walsh},
	Booktitle = {Proceedings of the 22nd International Joint Conference on Artificial Intelligence (IJCAI)},
	Pages = {881-886},
	Publisher = {AAAI Press},
	Year = {2011}
}

@Article{Freund1998,
	Author = {Michael Freund},
	Title = {Preferential Reasoning in the perspective of {P}oole default logic},
	Journal = {Artificial Intelligence},
	Pages = {209-235},
	Volume = {98},
	Year = {1998},
	url = "http://www.sciencedirect.com/science/article/pii/S0004370297000532"

}

@Article{FriedmanEtAl2000,
	Author = {N. Friedman and J.Y. Halpern and D. Koller},
	Title = {First-Order Conditional Logic for Default Reasoning Revisited},
	Journal = {ACM Transactions on Computational Logic},
	Volume = {1},
	Number = {2},
	Pages = {175-207},
	Year = {2000}
}

@Article{FriedmanHalpern2001,
	Author = {N. Friedman and J.Y. Halpern},
	Title = {Plausibility Measures and Default Reasoning},
	Journal = {Journal of the ACM},
	Volume = {48},
	Number = {4},
	Pages = {648-685},
	Year = {2001}
}

@Article{GabbaySchlechta2009,
	Author = {D.M. Gabbay and K. Schlechta},
	Title = {Roadmap for Preferential Logics},
	Journal = {Journal of Applied Non-Classical Logic},
	Volume = {19},
	Number = {1},
	Pages = {43-95},
	Year = {2009}
}

@Book{Gardenfors1988,
	Author = {P. G{\"a}rdenfors},
	Title = {Knowledge in Flux: Modeling the Dynamics of Epistemic States},
	Publisher = {MIT Press},
	Year = {1988}
}

@Article{GardenforsMakinson1994,
	Author = {P. G{\"a}rdenfors and D. Makinson},
	Title = {Nonmonotonic inference based on expectations},
	Journal = {Artificial Intelligence},
	Volume = {65},
	Number = {2},
	Pages = {197-245},
	Year = {1994}
}

@Article{Garson1989,
	Author = {J. Garson},
	Title = {Modularity and relevant logic},	
	Journal = {Notre Dame Journal of Formal Logic},
	Volume = {30},
	Number = {2},
	Pages = {207-223},
	Year = {1989}
}

@Article{GeneserethEtAl2006,
	Author = {M. Genesereth and N. Love and B. Pell},
	Title = {General game playing},
	Journal = {AI Magazine},
	Volume = {26},
	Number = {2},
	Pages = {73-84},
	Year = {2006}
}

@InCollection{Gerbrandy1999,
	Author = {J. Gerbrandy},
	Title = {Dynamic epistemic logic},
	Editor = {L.S.~{\etal} Moss},
	Booktitle = {Logic, Language and Information},
	Pages = {},
	Publisher = {CSLI Publications, Stanford University},
	Volume = {2},
	Year = {1999}
}

@Article{Gettier1963,
	Author = {E. Gettier},
	Title = {Is justified true belief knowledge?},
	Journal = {Analysis},
	Volume = {23},
	Number = {6},
	Pages = {121-123},
	Year = {1963}
}

@Proceedings{Ginsberg1987,
	Title = {Readings in nonmonotonic reasoning},
	Editor = {M. Ginsberg},
	Publisher = {Morgan Kaufmann},
	Year = {1987}
}

@InProceedings{GiordanoGliozzi2015,
	Author = {L. Giordano and V. Gliozzi},
	Title = {Encoding a Preferential Extension of the Description Logic $\mathcal{SROIQ}$ into $\mathcal{SROIQ}$},
	Editor = {},
	BookTitle = {Foundations of Intelligent Systems},
	Pages = {248-258},
	Publisher = {Springer},
	Series = {LNCS},
	Number = {9384},
	Year = {2015}
}

@InProceedings{GiordanoEtAl2007,
	Author = {L. Giordano and V. Gliozzi and N. Olivetti and G.L. Pozzato},
	Title = {Preferential Description Logics},
	Editor = {N. Dershowitz and A. Voronkov},
	Booktitle = {Logic for Programming, Artificial Intelligence, and Reasoning (LPAR)},
	Pages = {257-272},
	Publisher = {Springer},
	Series = {LNAI},
	Number = {4790},
	Year = {2007}
}

@InProceedings{GiordanoEtAl2008,
	Author = {L. Giordano and V. Gliozzi and N. Olivetti and G.L. Pozzato},
	Title = {Reasoning about Typicality in Preferential Description Logics},
	Editor = {S. H\"{o}lldobler and C. Lutz and H. Wansing},
	Booktitle = {Proceedings of the 11th European Conference on Logics in Artificial Intelligence (JELIA)},
	Pages = {192-205},
	Publisher = {Springer},
	Series = {LNAI},
	Number = {5293},
	Year = {2008}
}

@Article{GiordanoEtAl2009a,
	Author = {L. Giordano and V. Gliozzi and N. Olivetti and G.L. Pozzato},
	Title = {Analytic Tableaux Calculi for {KLM} Logics of Nonmonotonic Reasoning},
	Journal = {ACM Transactions on Computational Logic},
	Volume = {10},
	Number = {3},
	Pages = {18:1-18:47},
	Year = {2009}
}

@Article{GiordanoEtAl2009b,
	Author = {L. Giordano and V. Gliozzi and N. Olivetti and G.L. Pozzato},
	Title = {$\mathcal{ALC}+{T}$: a Preferential Extension of Description Logics},
	Journal = {Fundamenta Informaticae},
	Volume = {96},
	Number = {3},
	Pages = {341-372},
	Year = {2009}
}

@InProceedings{GiordanoEtAl2012,
	Author = {L. Giordano and V. Gliozzi and N. Olivetti and G.L. Pozzato},
	Title = {A Minimal Model Semantics for Nonmonotonic Reasoning},
	Editor = {L. {Fari\~{n}as del Cerro} and A. Herzig and J. Mengin},
	Booktitle = {Proceedings of the 13th European Conference on Logics in Artificial Intelligence (JELIA)},
	Pages = {228-241},
	Publisher = {Springer},
	Series = {LNCS},
	Number = {7519},
	Year = {2012}
}

@Article{GiordanoEtAl2013,
	Author = {L. Giordano and V. Gliozzi and N. Olivetti and G.L. Pozzato},
	Title = {A non-monotonic Description Logic for reasoning about typicality},
	Journal = {Artificial Intelligence},
	Volume = {195},
	Pages = {165-202},
	Year = {2013}
}

@Article{GiordanoEtAl2015,
	Author = {L. Giordano and V. Gliozzi and N. Olivetti and G.L. Pozzato},
	Title = {Semantic characterization of rational closure: From propositional logic to description logics},
	Journal = {Art. Int.},
	Volume = {226},
	Pages = {1-33},
	Year = {2015}
}

@Article{Girard1987,
	Author = {J.-Y. Girard},
	Title = {Linear logic},
	Journal = {Theoretical Computer Science},
	Volume = {50},
	Number = {1},
	Pages = {1-102},
	Year = {1987}
}

@Article{Gomolinska2002,
	Author = {A. Gomoli\'{n}ska},
	Title = {A Comparative Study of Some Generalized Rough Approximations},
	Journal = {Fundamenta Informaticae},
	Volume = {51},
	Pages = {103-119},
	Year = {2002}
}

@InCollection{Gore1999,
	Author = {R. Gor\'{e}},
	Title = {Tableau Methods for Modal and Temporal Logics},
	Editor = {M. D'Agostino and D.M. Gabbay and R. H\"{a}hnle and J. Posegga},
	Booktitle = {Handbook of Tableau Methods},
	Pages = {297-396},
	Publisher = {Kluwer Academic Publishers},
	Year = {1999}
}

@InCollection{Gottwald-SEP2014,
	Author = {S. Gottwald},
	Title = {Many-Valued Logic},
	Editor = {E.N. Zalta},
	BookTitle = {The Stanford Encyclopedia of Philosophy},
	Edition = {Spring 2014},
	Year = {2014},
	HowPublished = {\url{http://plato.stanford.edu/archives/spr2014/entries/logic-manyvalued/}}
}

@InProceedings{Governatori2004,
	Author = {G. Governatori},
	Title = {Defeasible Description Logics},
	Editor = {G. Antoniou and H. Boley},
	BookTitle = {Rules and Rule Markup Languages for the Semantic Web},
	Pages = {98-112},
	Publisher = {Springer},
	Series = {LNCS},
	Number = {3323},
	Year = {2004}
}

@InProceedings{GovernatoriEtAl2012,
	Author = {G. Governatori and A. Rotolo and E. Calardo},
	Title = {Possible World Semantics for Defeasible Deontic Logic},
	Editor = {T. {\AA}gotnes and J. Broersen and D. Elgesem},
	Booktitle = {Proceedings of the 11th International Conference on Deontic Logic in Computer Science (DEON)},
	Pages = {44-60},
	Publisher = {Springer},
	Series = {LNCS},
	Number = {7393},
	Year = {2012}
}

@Article{GregoireMarquis1996,
	Author = {E. Gr\'{e}goire and P. Marquis},
	Title = {Novelty in Deductive Databases},
	Journal = {Journal of Logic and Computation},
	Volume = {6},
	Number = {5},
	Pages = {683-708},
	Year = {1996}
}

@InProceedings{GreinerGenesereth1983,
	Author = {R. Greiner and M. Genesereth},
	Title = {What's New? A Semantic Definition of Novelty},
	Editor = {},
	Booktitle = {Proceedings of the 8th International Joint Conference on Artificial Intelligence (IJCAI)},
	Pages = {450-454},
	Publisher = {},
	Year = {1983}
}

@InProceedings{GrosofEtAl2003,
	Author = {B.N. Grosof and I. Horrocks and R. Volz and S. Decker},
	Title = {Description Logic Programs: Combining Logic Programs with Description Logic},
	Editor = {},
	BookTitle = {Proceedings of the 12th International Conference on World Wide Web (WWW)},
	Pages = {48-57},
	Publisher = {ACM},
	Year = {2003}
}

@Article{HalpernMoses1992,
	Author = {J.Y. Halpern and Y. Moses},
	Title = {A guide to completeness and complexity for modal logics of knowledge and belief},
	Journal = {Artificial Intelligence},
	Volume = {54},
	Pages = {319-379},
	Year = {1992}
}

@Article{Hansson1969,
	Author = {B. Hansson},
	Title = {An analysis of some deontic logics},
	Journal = {No\^{u}s},
	Volume = {3},
	Pages = {373-398},
	Year = {1969}
}

@Book{Hansson1999,
	Author = {S.O. Hansson},
	Title = {A Textbook of Belief Dynamics: Theory Change and Database Updating},
	Publisher = {Kluwer},
	Year = {1999}
}

@Book{HarelEtAl2000,
	Author = {D. Harel and J. Tiuryn and D. Kozen},
	Title = {Dynamic Logic},
	Publisher = {MIT Press},
	Year = {2000}
}

@Book{vanHarmelenEtAl2008,
	Booktitle = {Handbook of Knowledge Representation},
	Editor = {{F. van} Harmelen and V. Lifschitz and B. Porter},
	Publisher = {Elsevier Science},
	Title = {Handbook of Knowledge Representation},
	Year = {2008}
}

@Article{Hawthorne2007,
	Author = {J. Hawthorne},
	Title = {Nonmonotonic conditionals that behave like conditional probabilities above a threshold},
	Journal = {Journal of Applied Logic},
	Volume = {5},
	Number = {4},
	Pages = {625-637},
	Year = {2007}
}

@Article{Hawthorne2013,
	Author = {J. Hawthorne},
	Title = {A Primer on Rational Consequence Relations, Popper Functions, and Their Ranked Structures},
	Journal = {Studia Logica},
	Volume = {},
	Number = {},
	Pages = {},
	Year = {2013}
}

@InProceedings{HeymansVermeir2002,
	Author = {S. Heymans and D. Vermeir},
	Title = {A Defeasible Ontology Language},
	Editor = {R. Meersman and Z. Tari},
	BookTitle = {CoopIS/DOA/ODBASE},
	Pages = {1033-1046},
	Publisher = {Springer},
	Series = {LNCS},
	Number = {2519},
	Year = {2002}
}

@Book{Heyting1971,
	Author = {A. Heyting},
	Title = {Intuitionism: An Introduction},
	Publisher = {North-Holland},
	Edition = {3},
	Year = {1971}
}

@InProceedings{HerzigEtAl2006,
	Author = {A. Herzig and L. Perrussel and I. Varzinczak},
	Title = {Elaborating domain descriptions},
	Editor = {G. Brewka and S. Coradeschi and A. Perini and P. Traverso},
	Booktitle = {Proceedings of the 17th European Conference on Artificial Intelligence (ECAI)},
	Pages = {397-401},
	Publisher = {IOS Press},
	Year = {2006}
}

@InProceedings{HerzigVarzinczak2004,
	Author = {A. Herzig and I. Varzinczak},
	Title = {Domain descriptions should be modular},
	Editor = {R. {L{\'o}pez de M{\'a}ntaras} and L. Saitta},
	Booktitle = {Proceedings of the 16th European Conference on Artificial Intelligence (ECAI)},
	Pages = {348-352},
	Publisher = {IOS Press},
	Year = {2004}
}

@TechReport{HerzigVarzinczak2004-TR,
	Author = {A. Herzig and I. Varzinczak},
	Title = {An Assessment of Actions with Indeterminate and Indirect Effects in Some Causal Approaches},
	Institution = {Institut de Recherche en Informatique de Toulouse (IRIT)},
	Year = {2004},
	Number = {IRIT/2004-08-R},
	Address = {Toulouse},
	Month = {May}
}

@InProceedings{HerzigVarzinczak2005,
	Author = {A. Herzig and I. Varzinczak},
	Title = {Cohesion, coupling and the meta-theory of actions},
	Editor = {L. Kaelbling and A. Saffiotti},	
	Booktitle = {Proceedings of the 19th International Joint Conference on Artificial Intelligence (IJCAI)},
	Pages = {442-447},
	Publisher = {Morgan Kaufmann Publishers},
	Year = {2005}
}

@InProceedings{HerzigVarzinczak2005-AiML,
	Author = {A. Herzig and I. Varzinczak},
	Title = {On the modularity of theories},
	Editor = {R. Schmidt and I. Pratt-Hartmann and M. Reynolds and H. Wansing},
	Booktitle = {Advances in Modal Logic},
	Pages = {93-109},
	Publisher = {King's College Publications},
	Series = {5},
	Year = {2005}
}

@InProceedings{HerzigVarzinczak2006,
	Author = {A. Herzig and I. Varzinczak},
	Title = {A modularity approach for a fragment of $\mathcal{ALC}$},
	Editor = {M. Fisher and {W. van der} Hoek and B. Konev and A. Lisitsa},
	Booktitle = {Proceedings of the 10th European Conference on Logics in Artificial Intelligence (JELIA)},
	Pages = {216-228},	
	Publisher = {Springer-Verlag},
	Series = {LNAI},	
	Number = {4160},
	Year = {2006}
}

@Article{HerzigVarzinczak2007,
	Author = {A. Herzig and I. Varzinczak},
	Title = {Metatheory of actions: beyond consistency},
	Journal = {Artificial Intelligence},
	Volume = {171},
	Pages = {951-984},
	Year = {2007}
}

@InProceedings{HeuerdingEtAl1996,
	Author = {A. Heuerding and M. Seyfried and H. Zimmermann},
	Title = {Efficient loop-check for backward proof search in some non-classical propositional logics},
	Editor = {P. Miglioli and U. Moscato and D. Mundici and M. Ornaghi},
	BookTitle = {Proceedings of the 5th International Workshop on Theorem Proving with Analytic Tableaux and Related Methods (TABLEAUX)},
	Pages = {210-225},
	Publisher = {Springer},
	Series = {LNAI},
	Number = {1071},
	Year = {1996}
}

@InProceedings{Horrocks1998,
	Author = {I. Horrocks},
	Title = {Using an Expressive Description Logic: {FaCT} or Fiction?},
	Editor = {A.G. Cohn and L. Schubert and S.C. Shapiro},
	BookTitle = {Proceedings of the 6th International Conference on Principles of Knowledge Representation and Reasoning (KR)},
	Pages = {636-647},
	Publisher = {Morgan Kaufmann},	
	Year = {1998}
}

@InProceedings{HorrocksEtAl2006,
	Author = {I. Horrocks and O. Kutz and U. Sattler},
	Title = {The Even More Irresistible $\mathcal{SROIQ}$},
	Editor = {P. Doherty and J. Mylopoulos and C. Welty},
	BookTitle = {Proceedings of the 10th International Conference on Principles of Knowledge Representation and Reasoning (KR)},
	Pages = {57-67},
	Publisher = {Morgan Kaufmann},
	Year = {2006}
}

@Article{HorrocksSattler2004,
	Author = {I. Horrocks and U. Sattler},
	Title = {Decidability of $\mathcal{SHIQ}$ with complex role inclusion axioms},
	Journal = {Artificial Intelligence},
	Volume = {160},
	Pages = {79-104},
	Year = {2004}
}

@InProceedings{HorrocksEtAl2000,
	Author = {I. Horrocks and U. Sattler and S. Tobies},
	Title = {Reasoning with individuals for the description logic $\mathcal{SHIQ}$},
	Editor = {D. MacAllester},
	BookTitle = {Proceedings of the 17th International Conference on Automated Deduction (CADE)},
	Pages = {482-496},
	Publisher = {Springer},
	Series = {LNCS},
	Number = {1831},
	Year = {2000}
}

@Book{Hsu2002,
	Author = {F.-H. Hsu},
	Title = {Behind Deep Blue: Building the Computer that Defeated the World Chess Champion},
	Publisher = {Princeton University Press},
	Year = {2002}
}

@Article{Inoue1992,
	Author = {K. Inoue},
	Title = {Linear resolution for consequence finding},
	Journal = {Artificial Intelligence},
	Volume = {56},
	Number = {2-3},
	Pages = {301-353},
	Year = {1992}
}

@InProceedings{Jimenez-RuizEtAl2009,
	Author = {E. {Jim{\'e}nez-Ruiz} and B. {Cuenca Grau} and I. Horrocks and R. Berlanga},
	Title = {Building Ontologies Collaboratively Using Content {CVS}},	
	Booktitle = {Proceedings of the 22nd International Workshop on Description Logics},
	Year = {2009}
}

@Book{Karp1964,
	Author = {C. Karp},
	Title = {Languages with Expressions of Infinite Length},
	Publisher = {North-Holland},
	Year = {1964}
}

@Article{KatsunoMendelzon1991,
	Author = {H. Katsuno and A. Mendelzon},
	Title = {Propositional Knowledge Base Revision and Minimal Change},
	Journal = {Artificial Intelligence},
	Volume = {3},
	Number = {52},
	Pages = {263-294},
	Year = {1991}
}

@InCollection{KatsunoMendelzon1992,
	Author = {H. Katsuno and A. Mendelzon},
	Title = {On the difference between updating a knowledge base and revising it},
	Editor = {P. G{\"a}rdenfors},
	Booktitle = {Belief revision},
	Pages = {183-203},
	Publisher = {Cambridge University Press},
	Year = {1992}
}

@InProceedings{KonevEtAl2008,
	Author = {B. Konev and D. Walther and F. Wolter},
	Title = {The logical difference problem for description logic terminologies},
	Editor = {A. Armando and P. Baumgartner and G. Dowek},
	Booktitle = {Proceedings of the 4th International Joint Conference on Automated Reasoning (IJCAR)},
	Pages = {259-274},
	Publisher = {Springer-Verlag},
	Series = {LNAI},	
	Number = {5195},
	Year = {2008}
}

@Article{KoniecznyEtAl2004,
	Author = {S. Konieczny and J. Lang and P. Marquis},
	Title = {{DA}$^2$ merging operators},
	Journal = {Artificial Intelligence},
	Volume = {157},
	Pages = {49-79},
	Year = {2004}
}

@InProceedings{KontchakovEtAl2008,
	Author = {R. Kontchakov and F. Wolter and M. Zakharyaschev},
	Title = {Can you tell the difference between {DL}-{L}ite ontologies?},
	Editor = {J. Lang and G. Brewka},
	Booktitle = {Proceedings of the 11th International Conference on Principles of Knowledge Representation and Reasoning (KR)},
	Pages = {285-295},
	Publisher = {AAAI Press/MIT Press},
	Year = {2008}
}

@Article{KrachtWolter1991,
	Author = {M. Kracht and F. Wolter},
	Title = {Properties of independently axiomatizable bimodal logics},
	Journal = {Journal of Symbolic Logic},
	Volume = {56},
	Number = {4},
	Pages = {1469-1485},
	Year = {1991}
}

@Article{Kramer2008,
	Author = {S. Kramer},
	Title = {Cryptographic protocol logic: Satisfaction for (timed) {D}olev-{Y}ao cryptography},
	Journal = {Journal of Logic and Algebraic Programming},
	Volume = {77},
	Number = {},
	Pages = {60-91},
	Year = {2008}
}

@Article{KrausEtAl1990,
	Author = {S. Kraus and D. Lehmann and M. Magidor},
	Title = {Nonmonotonic reasoning, preferential models and cumulative logics},
	Journal = {Artificial Intelligence},
	Volume = {44},
	Pages = {167-207},
	Year = {1990}
}

@PhDThesis{Kuijer2014,
	Author = {B. Kuijer},
	Title = {Expressivity of Logics of Knowledge and Action},
	School = {University of Groningen},
	Year = {2014}
}

@Article{Ladner1977,
	Author = {R.E. Ladner},
	Title = {The computational complexity of provability in systems of modal propositional logic},
	Journal = {{SIAM} Journal on Computing},
	Volume = {6},
	Number = {3},
	Pages = {467-480},
	Year = {1977}
}

@Article{LangEtAl2002-AI,
	Author = {J. Lang and P. Liberatore and P. Marquis},
	Title = {Conditional independence in propositional logic},
	Journal = {Artificial Intelligence},
	Volume = {141},
	Pages = {79-121},
	Year = {2002}
}

@Article{LangEtAl2003-JAIR,
	Author = {J. Lang and P. Liberatore and P. Marquis},
	Title = {Propositional independence: Formula-variable independence and forgetting},
	Journal = {Journal of Artificial Intelligence Research (JAIR)},
	Volume = {18},
	Pages = {391-443},
	Year = {2003}
}

@InProceedings{LangEtAl2003,
	Author = {J. Lang and F. Lin and P. Marquis},
	Title = {Causal theories of action -- a computational core},
	Editor = {V. Sorge and S. Colton and M. Fisher and J. Gow},
	BookTitle = {Proceedings of the 18th International Joint Conference on Artificial Intelligence (IJCAI)},
	Pages = {1073-1078},
	Publisher = {Morgan Kaufmann},
	Year = {2003}
}

@Article{LavernyLang2005,
	Author = {N. Laverny and J. Lang},
	Title = {From knowledge-based programs to graded belief-based programs, part~{I}: on-line reasoning},
	Journal = {Synthese},
	Volume = {147},
	Number = {},
	Pages = {277-321},
	Year = {2005}
}

@InProceedings{Lehmann1989,
	Author = {D. Lehmann},
	Title = {What does a conditional knowledge base entail?},
	Editor = {R. Brachman and H. Levesque},	
	Booktitle = {Proceedings of the 1st International Conference on Principles of Knowledge Representation and Reasoning (KR)},
	Pages = {212-222},
	Publisher = {},
	Year = {1989}
}

@Article{Lehmann1995,
	Author = {D. Lehmann},
	Title = {Another perspective on default reasoning},
	Journal = {Annals of Math. and Art. Int.},
	Volume = {15},
	Number = {1},
	Pages = {61-82},
	Year = {1995}
}

@Article{Lehmann1998,
	Author = {D. Lehmann},
	Title = {Stereotypical reasoning: logical properties},
	Journal = {Logic Journal of IGPL},
	Volume = {6},
	Number = {1},
	Pages = {49-58},
	Year = {1998}
}

@InProceedings{LehmannMagidor1990,
	Author = {D. Lehmann and M. Magidor},
	Title = {Preferential Logics: the Predicate Calculus Case},
	Booktitle = {Proceedings of TARK},
	Pages = {57-72},
	Year = {1990}
}

@Article{LehmannMagidor1992,
	Author = {D. Lehmann and M. Magidor},
	Title = {What does a conditional knowledge base entail?},
	Journal = {Art. Int.},
	Volume = {55},
	Pages = {1-60},
	Year = {1992}
}

@Article{LehrerPaxson1969,
	Author = {K. Lehrer and T. Paxson},
	Title = {Undefeated justified true belief},
	Journal = {The Journal of Philosophy},
	Volume = {66},
	Number = {8},
	Pages = {225-237},
	Year = {1969}
}

@Book{LevesqueLakemeyer2001,
	Author = {H. Levesque and G. Lakemeyer},
	Title = {The Logic of Knowledge Bases},
	Publisher = {MIT Press},
	Year = {2001}
}

@Article{Levi1977,
	Author = {I. Levi},
	Title = {Subjunctives, dispositions and chances},
	Journal = {Synthese},
	Volume = {34},
	Pages = {423-455},
	Year = {1977}
}

@Book{Lewis1973,
	Author = {D. Lewis},
	Title = {Counterfactuals},
	Publisher = {Blackwell},
	Year = {1973}
}

@InCollection{Lewis1974,
	Author = {D. Lewis},
	Title = {Semantic Analyses for Dyadic Deontic Logic}, 
	Editor = {S. Stenlund},
	Booktitle = {Logical Theory and Semantic Analysis},
	Pages = {1-14},
	Publisher = {D. Reidel Publishing Company},
	Year = {1974}
}

@Article{LiauLin1996,
	Author = {C.-J. Liau and B.I-P. Lin},
	Title = {Possibilistic Reasoning--A Mini-Survey and Uniform Semantics},
	Journal = {Art. Int.},
	Volume = {88},
	Number = {1-2},
	Pages = {163-193},
	Year = {1996}
}

@Article{Liau1999,
	Author = {C.-J. Liau},
	Title = {On the possibility theory-based semantics for logics of preference},
	Journal = {International Journal of Approximate Reasoning},
	Volume = {20},
	Number = {2},
	Pages = {173-190},
	Year = {1999}
}

@Article{Liau2000,
	Author = {C-J. Liau},
	Title = {An Overview of Rough Set Semantics for Modal and Quantifier Logics},
	Journal = {International Journal of Uncertainty, Fuzziness and Knowledge-Based Systems},
	Volume = {8},
	Number = {1},
	Pages = {93-118},
	Year = {2000}
}

@Article{Lin1997,
	Author = {T.Y. Lin},
	Title = {Neighborhood Systems: A Qualitative Theory for Fuzzy and Rough Sets},
	Journal = {Advances in Machine Intelligence and Soft Computing},
	Volume = {4},
	Pages = {132-155},
	Year = {1997}
}

@Article{Lin2001,
	Author = {F. Lin},
	Title = {On strongest necessary and weakest sufficient conditions},
	Journal = {Art. Int.},
	Volume = {128},
	Pages = {143-159},
	Year = {2001}
}

@InProceedings{LinReiter1994,
	Author = {F. Lin and R. Reiter},
	Title = {Forget It!},
	Booktitle = {Proceedings of the AAAI Fall Symposium on Relevance},
	Pages = {154-159},
	Year = {1994}
}

@Article{Lindstrom1966,
	Author = {P. Lindstr\"{o}m},
	Title = {First-order predicate logic with generalized quantifiers},
	Journal = {Theoria},
	Volume = {32},
	Pages = {286-195},
	Year = {1966}
}

@Article{Lukasiewicz2008,
	Author = {T. Lukasiewicz},
	Title = {Expressive probabilistic description logics},
	Journal = {Art. Int.},
	Volume = {172},
	Number = {6-7},
	Pages = {852-883},
	Year = {2008}
}

@Article{Makinson1993,
	Author = {D. Makinson},
	Title = {Five faces of minimality},
	Journal = {Studia Logica},
	Volume = {52},
	Pages = {339-379},
	Year = {1993}
}

@Book{Makinson2005a,
	Author = {D. Makinson},
	Title = {Bridges from Classical to Nonmonotonic Logic},
	Publisher = {King's College Publications},
	Volume = {5},
	Series = {Texts in Computing},
	Year = {2005}
}

@InCollection{Makinson2005b,
	Author = {D. Makinson},
	Title = {How to go nonmonotonic},
	Editor = {},
	Booktitle = {Handbook of Philosophical Logic},
	Pages = {175-278},
	Publisher = {Springer},
	Volume = {12},
	Edition = {2},
	Year = {2005}
}

@InCollection{Makinson2007,
	Author = {D. Makinson},
	Title = {Friendliness and sympathy in logic},
	Editor = {J.-Y. B\'{e}ziau},
	Booktitle = {Logica Universalis},
	Pages = {195-224},
	Publisher = {Springer-Verlag},
	Volume = {2},
	Year = {2007}
}

@InCollection{Marquis2000,
	Author = {P. Marquis},
	Title = {Consequence finding algorithms},
	Editor = {D.M. Gabbay and P. Smets},
	Booktitle = {Handbook on Defeasible Reasoning and Uncertainty Management Systems},
	Pages = {41-145},
	Publisher = {Kluwer Academic Publishers},	
	Volume = {5: Algorithms for Uncertainty and Defeasible Reasoning, edited by J. Kohlas and S. Moral},
	Chapter = {2},
	Year = {2000}
}

@InProceedings{McCarthy1959,
	Author = {J. McCarthy},
	Title = {Programs with Common Sense},
	Booktitle = {Proceedings of the Teddington Conference on the Mechanization of Thought Processes},
	Pages = {75-91},
	Year = {1959}
}

@Article{McCarthy1980,
	Author = {J. McCarthy},
	Title = {Circumscription, a form of nonmonotonic reasoning},
	Journal = {Art. Int.},
	Volume = {13},
	Number = {1-2},
	Pages = {27-39},
	Year = {1980}
}

@Article{McCarthy1986,
	Author = {J. McCarthy},
	Title = {Applications of circumscription to formalizing common-sense knowledge},
	Journal = {Art. Int.},
	Volume = {28},
	Number = {1},
	Pages = {89-116},
	Year = {1986}
}

@InCollection{McCarthyHayes1969,
	Author = {J. McCarthy and P. Hayes},
	Title = {Some philosophical problems from the standpoint of artificial intelligence},
	Editor = {B. Meltzer and D. Mitchie},
	Booktitle = {Machine Intelligence},
	Pages = {463-502},
	Publisher = {Edinburgh University Press},
	Volume = {4},
	Year = {1969}
}

@InCollection{McNamara2006,
	Author = {P. McNamara},
	Title = {Deontic Logic},
	Editor = {D.M. Gabbay and J. Woods},
	Booktitle = {Handbook of the History of Logic},
	Pages = {197-288},
	Publisher = {Elsevier North-Holland},
	Volume = {7: Logic and the Modalities in the Twentieth Century},
	Chapter = {},
	Year = {2006}
}

@Book{Mendelson1997,
	Author = {E. Mendelson},
	Title = {Introduction to Mathematical Logic},
	Publisher = {D. Van Nostrand Company},
	Edition = {4},
	Year = {1997}
}

@InProceedings{MeyerEtAl2005,
	Author = {T. Meyer and K. Lee and R. Booth},
	Title = {Knowledge integration for description logics},
	Editor = {},
	Booktitle = {Proceedings of the 21st National Conference on Artificial Intelligence (AAAI)},
	Pages = {645-650},
	Publisher =  {AAAI Press/MIT Press},
	Year = {2005}
}

@InProceedings{MeyerVarzinczak2011,
	Author = {T. Meyer and I. Varzinczak},
	Title = {A Logic-Based Perspective on Agent Reconfiguration: Preliminary Repor},
	Booktitle = {Proceedings of the IEEE Conference Africon},
	Pages = { },
	Year = {2011}
}

@Misc{Moodley2011,
	Author = {K. Moodley},
	Title = {Debugging and Repair of Description Logic Ontologies},
	Howpublished = {M.Sc.\ thesis, University of KwaZulu-Natal, Durban, South Africa}, 
	Year = {2011}
}

@InProceedings{MoodleyEtAl2010,
	Author = {K. Moodley and T. Meyer and I. Varzinczak},
	Title = {First Steps in the Computation of Root Justifications},
	Booktitle = {International Workshop on Automated Reasoning about Context and Ontology Evolution (ARCOE)},
	Pages = { },
	Year = {2010}
}

@InProceedings{MoodleyEtAl2011,
	Author = {K. Moodley and T. Meyer and I. Varzinczak},
	Title = {Root Justifications for Ontology Repair},
	Editor = {S. Rudolph and C. Gutierrez},
	BookTitle = {Proceedings of the 5th International Conference on Web Reasoning and Rule Systems (RR)},
	Pages = {275-280},
	Publisher = {Springer},
	Series = {LNCS},
	Number = {6902},
	Year = {2011}
}

@InProceedings{MoodleyEtAl2012,
	Author = {K. Moodley and T. Meyer and I. Varzinczak},
	Title = {A Prot\'{e}g\'{e} Plug-in for Defeasible Reasoning},
	Booktitle = {Proceedings of the 25th International Workshop on Description Logics},
	Pages = {486-496},
	Year = {2012}
}

@InProceedings{MoodleyEtAl2012-SAICSIT,
	Author = {K. Moodley and T. Meyer and I. Varzinczak},
	Title = {A Defeasible Reasoning Approach for Description Logic Ontologies},
	Booktitle = {Proceedings of the Annual Conference of the South African Institute for Computer Scientists and Information Technologists (SAICSIT)},
	Pages = {69-78},
	Year = {2012}
}

@Article{Moore1985,
	Author = {R. Moore},
	Title = {Semantical Considerations for Nonmonotonic Logic},
	Journal = {Artificial Intelligence},
	Volume = {25},
	Pages = {75-94},
	Year = {1985}
}

@Book{Mueller2006,
	Author = {E. Mueller},
	Title = {Commonsense Reasoning},
	Publisher = {Morgan Kaufmann},
	Year = {2006}
}

@InProceedings{NoyMusen2002,
	Author = {N. Noy and M. Musen},
	Title = {Prompt{D}iff: A fixed-point algorithm for comparing ontology versions},
	Editor = {R. Dechter and M. Kearns and R. Sutton},	
	Booktitle = {Proceedings of the 18th National Conference on Artificial Intelligence (AAAI)},
	Pages = {744-750},
	Publisher =  {AAAI Press/MIT Press},
	Year = {2002}
}

@Book{Nute1997,
	Booktitle = {Defeasible Deontic Logic},
	Editor = {D. Nute},
	Publisher = {Kluwer Academic Publishers},
	Title = {Defeasible Deontic Logic},
	Volume = {263},
	Series = {Synth\`{e}se Library},
	Year = {1997}
}

@InCollection{Orlowska1998,
	Author = {E. Orlowska},
	Title = {Studying incompleteness of information: A class of information logics},
	Editor = {K. Kijania-Placek and J Wole{\'e}nski},
	Booktitle = {The Lvov-Warsaw School and Contemporary Philosophy},
	Pages = {283-300},
	Publisher = {Kluwer},
	Series = {Synthese Library},	
	Volume = {273},
	Year = {1998}
}

@InProceedings{PadghamZhang1993,
	Author = {L. Padgham and T. Zhang},
	Title = {A Terminological Logic with Defaults: A Definition and an Application},
	Editor = {R. Bajcsy},
	Booktitle = {Proceedings of the 13th International Joint Conference on Artificial Intelligence (IJCAI)},
	Pages = {662-668},
	Publisher = {Morgan Kaufmann Publishers},
	Year = {1993}
}

@InCollection{Parikh1999,
	Author = {R. Parikh},
	Title = {Beliefs, belief revision, and splitting languages},
	Editor = {L. Moss},
	Booktitle = {Logic, Language and Computation},
	Pages = {266-278},
	Publisher = {CSLI Publications},
	Number = {96},
	Series = {CSLI Lecture Notes},
	Year = {1999}
}

@Book{Pawlak1991,
	Author = {Z. Pawlak},
	Title = {Rough sets: Theoretical Aspects of Reasoning About Data},
	Publisher	= {Kluwer Academic Publishers},
	Year = {1991}
}

@InProceedings{Pearl1990,
	Author = {J. Pearl},
	Title = {System {Z}: a natural ordering of defaults with tractable applications to nonmonotonic reasoning},
	Booktitle = {Proceedings of the 3rd Conference on Theoretical Aspects of Rationality and Knowledge (TARK)},
	Pages = {},
	Year = {1990}
}

@Book{Pearl2009,
	Author = {J. Pearl},
	Title = {Causality: Models, Reasoning, and Inference},
	Publisher = {Cambridge University Press},
	Edition = {2},
	Year = {2009}
}

@InProceedings{PenselTurhan2017,
	Author = {M. Pensel and A.-Y. Turhan},
	Title = {Including Quantification in Defeasible Reasoning for the Description Logic $\mathcal{EL}_{\bot}$},
	Editor = {M. Balduccini and T. Janhunen},
	BookTitle = {LPNMR 2017},
	Pages = {78-84},
	Publisher = {Springer},
	Series = {LNCS},
	Number = {10377},
	Year = {2017}
}

@article{PenselTurhan2018,
	title = "Reasoning in the Defeasible Description Logic $\mathcal{EL}_\bot$ - computing standard inferences under rational and relevant semantics",
	journal = "International Journal of Approximate Reasoning",
	volume = "103",
	pages = "28 - 70",
	year = "2018",
	author = "M. Pensel and A.-Y. Turhan",
}

@article{CasiniEtAl2018,
	title = "A Polynomial Time Subsumption Algorithm for Nominal Safe $\mathcal{ELO}_\bot$ under Rational Closure",
	journal = "Information Sciences, \emph{https://doi.org/10.1016/j.ins.2018.09.037}",
	year = "2018",
	doi = "https://doi.org/10.1016/j.ins.2018.09.037",
	author = "G. Casini and U. Straccia and T. Meyer",
}

@InCollection{Peppas2008,
	Author = {P. Peppas},
	Title = {Belief Revision},
	Editor = {{F. van} Harmelen and V. Lifschitz and B. Porter},
	BookTitle = {Handbook of Knowledge Representation},
	Publisher = {Elsevier Science},
	Year = {2008}
}

@Article{PlaistedGreenbaum1986,
	Author  = {D.A. Plaisted and S. Greenbaum},
	Title = {A Structure-preserving Clause Form Translation},
	Journal = {Journal of Symbolic Computation},
	Volume = {2},
	Number = {3},
	Pages = {293-304},
	Year = {1986}
}

@Article{Poole1988,
	Author = {D. Poole},
	Title = {A logical framework for default reasoning},
	Journal = {Artificial Intelligence},
	Pages = {27-47},
	Volume = {36},
	Year = {1988}
}

@Book{Pressman1992,
	Author = {R. Pressman},
	Title = {Software Engineering: A Practitioner's Approach},
	Publisher = {McGraw-Hill},
	Year = {1992}
}

@Book{Priest2001,
	Author = {G. Priest},
	Title = {An Introduction to Non-Classical Logic: From If to Is},
	Publisher = {Cambridge University Press},
	Series = {Cambridge Introductions to Philosophy},
	Edition = {2},
	Year = {2001}
}

@InCollection{Priest2002,
	Author = {G. Priest},
	Title = {Paraconsistent Logic},
	Editor = {D.M. Gabbay and F. G{\"u}nthner},
	Booktitle = {Handbook of Philosophical Logic},
	Pages = {287-393},
	Publisher = {Kluwer Academic Publishers},
	Volume = {6},
	Edition = {2nd},
	Year = {2002}
}

@InProceedings{QiEtAl2007,
	Author = {G. Qi and J.Z. Pan and Q. Ji},
	Title = {Extending Description Logics with Uncertainty Reasoning in Possibilistic Logic},
	Editor = {K. Mellouli},
	Booktitle = {Proceedings of the 9th European Conference on Symbolic and Quantitative Approaches to Reasoning with Uncertainty},
	Pages = {828-839},
	Publisher = {Springer},
	Series = {LNAI},
	Number = {4724},
	Year = {2007}
}

@Article{QiZhang2013,
	Author = {G. Qi and Z. Zhang},
	Title = {Preferential Semantics for Plausible Subsumption in Possibility Theory},
	Journal = {Minds \& Machines},
	Pages = {47-75},
	Volume = {23},
	Year = {2013}
}

@InProceedings{QuantzRoyer1992,
	Author = {J. Quantz and V. Royer},
	Title = {A preference semantics for defaults in terminological logics},
	Booktitle = {KR 1992},
	year = {1992},
	Pages = {294-305}
}

@TechReport{QuantzRyan1993,
	Author = {J. Quantz and M. Ryan},
	Title = {Preferential default description logics},
	Institution = {TU Berlin},
	Url = {www.tu-berlin.de/fileadmin/fg53/KIT-Reports/r110.pdf},
	Year = {1993}
}

@Article{Quine1952,
	Author = {W.V.O. Quine},
	Title = {The problem of simplifying truth functions},
	Journal = {American Mathematical Monthly},
	Volume = {59},
	Pages = {521-531},
	Year = {1952}
}

@Article{Quine1959,
	Author = {W.V.O. Quine},
	Title = {On cores and prime implicants of truth functions},
	Journal = {American Mathematical Monthly},
	Volume = {66},
	Pages = {755-760},
	Year = {1959}
}

@InCollection{Reiter1978,
	Author = {R. Reiter},
	Title = {On Closed World Data Bases},
	Editor = {H. Gallaire and J. Minker},
	Booktitle = {Logics and Databases},
	Pages = {119-140},
	Publisher = {Plenum Press},
	Year = {1978}
}

@Article{Reiter1980,
	Author = {R. Reiter},
	Title = {A logic for default reasoning},
	Journal = {Artificial Intelligence},
	Volume = {13},
	Number = {1-2},
	Pages = {81-132},
	Year = {1980}
}

@Book{Reiter2001,
	Author = {R. Reiter},
	Title = {Knowledge in Action: Logical Foundations for Specifying and Implementing Dynamical Systems},
	Publisher = {MIT Press},
	Year = {2001}
}

@InProceedings{RensEtAl2010,
	Author = {G. Rens and I. Varzinczak and T. Meyer and A. Ferrein},
	Title = {A Logic for Reasoning about Actions and Explicit Observations},
	Editor = {J. Li},
	Booktitle = {Proceedings of the 23rd Australasian Joint Conference on Artificial Intelligence},
	Pages = {395-404},
	Publisher = {Springer},
	Series = {LNAI},
	Number = {6464},
	Year = {2010}
}

@InCollection{Restall2006,
	Author = {G. Restall},
	Title = {Relevant and Substructural Logics},
	Editor = {D.M. Gabbay and J. Woods},
	Booktitle = {Handbook of the History of Logic},
	Pages = {289-398},
	Publisher = {Elsevier North-Holland},
	Volume = {7: Logic and the Modalities in the Twentieth Century},
	Year = {2006}
}

@Book{Rott2001,
	Author = {H. Rott},
	Title = {Change, Choice and Inference: a study of belief revision and nonmonotonic reasoning},
	Publisher = {Oxford University Press},
	Year = {2001}
}

@Book{RussellNorvig2003,
	Author = {S. Russell and P. Norvig},
	Title = {Artificial Intelligence: A Modern Approach},
	Publisher = {Prentice-Hall},
	Edition = {2},
	Year = {2003}
}

@InCollection{SattlerEtAl2007,
	Author = {U. Sattler and D. Calvanese and R. Molitor},
	Title = {Relationships with other formalisms},
	Pages = {149-192},
	Chapter = {4},
	Crossref = {BaaderEtAl2007}
}

@InProceedings{SchiffelThielscher2007,
	Author = {S. Schiffel and M. Thielscher},
	Title = {Fluxplayer: A successful general game player},
	Editor = {},
	Booktitle = {Proceedings of the 23rd National Conference on Artificial Intelligence (AAAI)},
	Pages = {1191-1196},
	Publisher =  {AAAI Press},
	Year = {2007}
}

@InProceedings{Schild1991,
	Author = {K. Schild},
	Title = {A correspondence theory for terminological logics: {P}reliminary report},
	Booktitle = {Proceedings of the 12th International Joint Conference on Artificial Intelligence (IJCAI)}, 
	Pages = {466-471},
	Year = {1991}
}

@InProceedings{SchlobachCornet2003,
	Author = {S. Schlobach and R. Cornet},
	Title = {Non-standard reasoning services for the debugging of description logic terminologies},
	Booktitle = {Proceedings of the 18th International Joint Conference on Artificial Intelligence (IJCAI)}, 
	Pages = {355-362},
	Year = {2003}
}

@Article{SchockaertPrade2011,
	Author = {S. Schockaert and H. Prade},
	Title = {Solving conflicts in information merging by a flexible interpretation of atomic propositions},
	Journal = {Artificial Intelligence},
	Volume = {175},
	Pages = {1815-1855},
	Year = {2011}
}

@InProceedings{SenguptaEtAl2011,
	Author = {K. Sengupta and A. {Alfa Krisnadhi} and P. Hitzler},
	Title = {Local Closed World Semantics: Grounded Circumscription for {OWL}},
	Editor = {L. Aroyo and C. Welty and H. Alani and J. Taylor and A. Bernstein and L. Kagal and N. Noy and E. Blomqvist},
	BookTitle = {Proceedings of the 10th International Semantic Web Conference (ISWC)},
	Pages = {617-632},
	Publisher = {Springer},
	Series = {LNCS},
	Number = {7031},
	Year = {2011}
}

@Book{Shanahan1997,
	Author = {M. Shanahan},
	Title = {Solving the frame problem: a mathematical investigation of the common sense law of inertia},
	Publisher = {MIT Press},
	Year = {1997}
}

@Book{Shoham1988,
	Author = {Y. Shoham},
	Title = {Reasoning about Change: Time and Causation from the Standpoint of Artificial Intelligence},
	Publisher = {MIT Press},
	Year = {1988}
}

@InProceedings{Simancik2012,
	Author = {F. Siman\v{c}\'{i}k},
	Title = {Elimination of complex {RIA}s without automata},
	Booktitle = {Proceedings of the 25th International Workshop on Description Logics},
	Pages = {},
	Series = {CEUR},
	Volume = {846},
	Year = {2012}
}

@Article{SlowinskiVanderpooten2000,
	Author = {R Slowinski and D. Vanderpooten},
	Title = {A generalized definition of rough approximations based on similarity},
	Journal = {IEEE Transactions on Knowledge and Data Engineering},
	Volume = {12},
	Number = {2},
	Pages = {331-336},
	Year = {2000}
}

@InCollection{Stalnaker1968,
	Author = {R. Stalnaker},
	Title = {A theory of conditionals},
	Editor = {N. Rescher},
	Booktitle = {Studies in Logical Theory},
	Pages = {98-112},
	Publisher = {Blackwell},
	Year = {1968}
}

@Article{Stalnaker1991,
	Author = {R. Stalnaker},
	Title = {The Problem of Logical Omniscience},
	Journal = {Synthese},
	Volume = {89},
	Number = {3},
	Pages = {425-440},
	Year = {1991}
}

@InProceedings{Straccia1993,
	Author = {U. Straccia},
	Title = {Default inheritance reasoning in hybrid {KL-ONE}-style logics},
	Editor = {R. Bajcsy},
	Booktitle = {Proceedings of the 13th International Joint Conference on Artificial Intelligence (IJCAI)},
	Pages = {676-681},
	Publisher = {Morgan Kaufmann Publishers},
	Year = {1993}
}

@Article{Straccia2001,
	Author = {U. Straccia},
	Title = {Reasoning within Fuzzy Description Logics},
	Journal = {Journal of Artificial Intelligence Research (JAIR)},
	Volume = {14},
	Pages = {137-166},
	Year = {2001}
}

@Article{SuEtAl2009,
	Author = {K. Su and A. Sattar and G. Lv and Y. Zhang},
	Title = {Variable Forgetting in Reasoning about Knowledge},
	Journal = {Journal of Artificial Intelligence Research (JAIR)},
	Volume = {35},
	Pages = {677-716},
	Year = {2009}
}

@Book{deSwart1993,
	Author = {{H.C.M. de} Swart},
	Title = {Logic: Mathematics, Language, Computer Science and Philosophy},
	Publisher = {Peter Lang},
	Volume = {1},
	Year = {1993}
}

@InProceedings{Szalas2002,
	Author = {A. Sza{\l}as},
	Title = {Second-Order Quantifier Elimination in Modal Contexts},
	Editor = {S. Flesca and S. Greco and G. Ianni and N. Leone},
	Booktitle = {Proceedings of the 10th European Conference on Logics in Artificial Intelligence (JELIA)},
	Pages = {223-232},
	Publisher = {Springer-Verlag},
	Series = {LNAI},		
	Number = {2424},
	Year = {2002}
}

@Book{Tarski1930,
	Author = {A. Tarski},
	Title = {On some fundamental concepts of metamathematics. [1930] Logic, Semantics, Metamathematics. Papers from 1923 to 1938, translated by J.H. Woodger. Pages 30--36},
	Publisher = {Clarendon Press},
	Year = {1956}
}

@Book{Tarski1941,
	Author = {A. Tarski},
	Title = {Introduction to logic},
	Publisher = {Oxford University Press},
	Year = {1941}
}

@Article{Thielscher1997,
	Author = {M. Thielscher},
	Title = {Ramification and causality},
	Journal = {Artificial Intelligence},
	Volume = {89},
	Number = {1-2},
	Pages = {317-364},
	Year = {1997}
}

@Article{Thielscher2011,
	Author = {M. Thielscher},
	Title = {A Unifying Action Calculus},
	Journal = {Artificial Intelligence},
	Volume = {175},
	Number = {1},
	Pages = {120-141},
	Year = {2011}
}

@Book{TomanWeddell2012,
	Author = {D. Toman and G. Weddell},
	Title = {Fundamentals of Physical Design and Query Compilation},
	Publisher = {Morgan \& Claypool Publishers},
	Series = {Synthesis Lectures on Data Management},
	Year = {2012}
}

@InCollection{vanderTorreTan1997,
	Author = {{L. van der} Torre and Y. Tan},
	Title = {The many faces of defeasibility in defeasible deontic logic},
	Editor = {D. Nute},
	BookTitle = {Defeasible Deontic Logic},
	Pages = {79-121},
	Publisher = {Kluwer},
	Volume = {263},
	Series = {Synthese Library},
	Year = {1997}
}

@InCollection{Touretzky1990,
	Author = {D. Touretzky},
	Title = {Implicit ordering of defaults in inheritance systems},
	Editor = {G. Shafer and J. Pearl},
	BookTitle = {Readings in Uncertain Reasoning},
	Pages = {668-671},
	Publisher = {Morgan Kaufmann},
	Year = {1990}
}

@Article{Turing1950,
	Author = {A. Turing},
	Title = {Computing machinery and intelligence},
	Journal = {Mind},
	Volume = {49},
	Pages = {433-460},
	Year = {1950}
}

@Misc{Varzinczak2002,
	Author = {I.J. Varzinczak},
	Title = {Causalidade e depend\^{e}ncia em racioc\'{i}nio sobre a\c{c}\~{o}es (``{C}ausality and dependency in reasoning about actions'')},
	Howpublished = {M.Sc.\ thesis, Universidade Federal do Paran\'{a}, Curitiba, Brazil}, 
	Year = {2002}
}

@PhDThesis{Varzinczak2006,
	Author = {I.J. Varzinczak},
	Title = {What is a good domain description? {E}valuating and revising action theories in dynamic logic},
	School = {Universit{\'{e}} Paul Sabatier},
	Address = {Toulouse},
	Year = {2006}
}

@InProceedings{Varzinczak2008,
	Author = {I.J. Varzinczak},
	Title = {Action Theory Contraction and Minimal Change},
	Editor = {J. Lang and G. Brewka},	
	Booktitle = {Proceedings of the 11th International Conference on Principles of Knowledge Representation and Reasoning (KR)},
	Pages = {651-661},
	Publisher = {AAAI Press/MIT Press},
	Year = {2008}
}

@InProceedings{Varzinczak2009,
	Author = {I.J. Varzinczak},
	Title = {On the Revision of Action Laws: an Algorithmic Approach},
	Booktitle = {IJCAI Workshop on Nonmonotonic Reasoning, Action and Change (NRAC)},
	Year = {2009}
}

@Article{Varzinczak2010,
	Author = {I.J. Varzinczak},
	Title = {On Action Theory Change},
	Journal = {Journal of Artificial Intelligence Research (JAIR)},
	Volume = {37},
	Pages = {189-246},
	Year = {2010}
}

@Article{VelosoEtAl2009,
	Author = {P. Veloso and S. Veloso and J. Viana and R. {de Freitas} and M. Benevides and C. Delgado},
	Title = {On vague notions and modalities: a modular approach},
	Journal = {Logic Journal of the IGPL},
	Volume = {18},
	Number = {3},
	Pages = {381-402},
	Year = {2009}
}

@InProceedings{WangEtAl2009,
	Author = {K. Wang and Z. Wang and R. Topor and J. Pan and G. Antoniou},
	Title = {Concept and Role Forgetting in Ontologies},
	Editor = {},
	Booktitle = {Proceedings of the 8th International Semantic Web Conference (ISWC)},
	Pages = {666-681},
	Publisher = {Springer-Verlag},
	Series = {LNCS},
	Number = {5823},
	Year = {2009}
}

@Article{Wassermann2011,
	Author = {R. Wassermann},
	Title = {On {AGM} for Non-Classical Logics},
	Journal = {Journal of Philosophical Logic},
	Volume = {40},
	Number = {1},
	Pages = {1-24},
	Year = {2011}
}

@Article{Yao1998,
	Author = {Y.Y. Yao},
	Title = {Constructive and algebraic methods of the theory of rough sets},
	Journal = {Information Sciences},
	Volume = {109},
	Pages = {21-47},
	Year = {1998}
}

@Article{Zadeh1965,
	Author = {L.A. Zadeh},
	Title = {Fuzzy sets},
	Journal = {Information and Control},
	Volume = {8},
	Number = {3},
	Pages = {338-353},
	Year = {1965}
}

@InProceedings{ZhangFoo2001,
	Author = {D. Zhang and N. Foo},
	Title = {{EPDL}: A Logic for Causal Reasoning},
	Editor = {B. Nebel},
	Booktitle = {Proceedings of the 17th International Joint Conference on Artificial Intelligence (IJCAI)},
	Pages = {131-138},
	Publisher = {Morgan Kaufmann Publishers},
	Year = {2001}
}

@InProceedings{ZhangFoo2002,
	Author = {D. Zhang and N. Foo},
	Title = {Interpolation Properties of Action Logic: Lazy-Formalization to the Frame Problem},
	Editor = {S. Flesca and S. Greco and N. Leone and G. Ianni, G.},
	Booktitle = {Proceedings of the 8th European Conference on Logics in Artificial Intelligence (JELIA)},
	Pages = {357-368},
	Publisher = {Springer-Verlag},
	Series = {LNCS},
	Number = {2424},
	Year = {2002}
}

@InProceedings{ZhangEtAl2002,
	Author = {D. Zhang and S. Chopra and N. Foo},
	Title = {Consistency of action descriptions},
	Editor = {M. Ishizuka and A. Sattar},
	BookTitle = {Proceedings of the 7th Pacific Rim International Conference on Artificial Intelligence (PRICAI): Trends in Artificial Intelligence},
	Pages = {70-79},
	Publisher = {Springer},
	Series = {LNCS},
	Number = {2417},
	Year = {2002}
}

@Article{ZhangFoo2005,
	Author = {D. Zhang and N. Foo},
	Title = {Frame problem in dynamic logic},
	Journal = {Journal of Applied Non-Classical Logics},
	Volume = {15},
	Number = {2},
	Pages = {215-239},
	Year = {2005}
}

@Article{ZhangZhou2009,
	Author = {Y. Zhang and Y. Zhou},
	Title = {Knowledge forgetting: Properties and applications},
	Journal = {Artificial Intelligence},
	Volume = {173},
	Number = {16-17},
	Pages = {1525-1537},
	Year = {2009}
}

@InProceedings{ZhangZhou2010,
	Author = {Y. Zhang and Y. Zhou},
	Title = {Forgetting revisited},
	Editor = { },
	Booktitle = {Proceedings of the 12th International Conference on Principles of Knowledge Representation and Reasoning (KR)},
	Pages = {602-604},
	Publisher = {AAAI Press},
	Year = {2010}
}


@article{Goldszmidt-ea:1996,
	author = {M. Goldszmidt and J. Pearl},
	title = {Qualitative probabilities for default reasoning, belief revision, and causal modeling},
	journal = {Artificial Intelligence}, 
	volume = 85,
	pages = {57–112}, 
	year = {1996}
}

@InProceedings{Kern-Isberner:2018,
	author = {G. Kern-Isberner},
	title = {Axiomatizing a qualitative principle of conditional preservation for iterated belief change},
	Booktitle = {KR 2018},
	year = {2018},
	pages = {accepted}
}

@InProceedings{Beierle-ea:2016,
	author = {C. Beierle and C. Eichhorn and G. Kern-Isberner and S. Kutsch},
	title = {Skeptical, weakly skeptical, and credulous inference based on preferred ranking functions},
	booktitle = {ECAI 2016},
	year = {2016},
	volume = {285},
	series = {Frontiers in Artificial Intelligence and Applications}, 
	pages = {1149-1157}, 
	publisher={IOS Press}
}

@article{Bezzazi-ea:1997,
	author = {H. Bezzazi and D. Makinson and R. Pino Perez}, 
	title = {Beyond Rational Monotony: Some Strong Non-Horn Rules for Nonmonotonic Inference Relations},
	journal = {J. Logic Computat.}, 
	volume = {7}, 
	number = {5},
	pages = {605-631}, 
	year = {1997}
}

@article{Hawthorne2007b,
	title={The quantitative/qualitative watershed for rules of uncertain inference},
	author={Hawthorne, James and Makinson, David},
	journal={Studia Logica},
	volume={86},
	number={2},
	pages={247--297},
	year={2007},
	publisher={Springer}
}

@article{Poole1989,
	title={What the Lottery Paradox Tells Us About Default Reasoning.},
	author={Poole, David},
	journal={KR},
	volume={89},
	pages={333--340},
	year={1989}
}
